% Encoding: UTF-8

@Article{SC2,
  author = {Oriol Vinyals, Timo Ewalds, Sergey Bartunov, Petko Georgiev, Alexander Sasha Vezhnevets, Michelle Yeo, Alireza Makhzani, Heinrich Küttler, John Agapiou, Julian Schrittwieser, Stephen Gaffney, Stig Petersen, Karen Simonyan, Tom Schaul, Hado van Hasselt, David Silve,r Timothy Lillicrap, Kevin Calderone, Paul Keet, Anthony Brunasso, David Lawrence ,Anders Ekermo, Jacob Repp, Rodney Tsing},
  title  = {StarCraft II: A New Challenge for Reinforcement Learning},
}

@Article{A3C1,
  author = {Tyler Chesebro, Aleks Kamko},
  title  = {Learning Atari :An Exploration of the A3C Reinforcement Learning Method},
  year   = {2016},
}

@Article{A3C3,
  author = {Arthur Juliani},
  title  = {Simple Reinforcement Learning with Tensorflow Part 8: Asynchronous Actor-Critic Agents (A3C)},
  year   = {2016},
  url    = {https://medium.com/emergent-future/simple-reinforcement-learning-with-tensorflow-part-8-asynchronous-actor-critic-agents-a3c-c88f72a5e9f2},
}

@Misc{A3C2,
  title = {Let’s make an A3C: Theory},
  year  = {2017},
  url   = {https://jaromiru.com/2017/02/16/lets-make-an-a3c-theory/},
}

@Misc{qlearn1,
  title = {Q-Learning},
  url   = {http://mnemstudio.org/path-finding-q-learning-tutorial.htm},
}

@Misc{qlearn2,
  author = {Steven Brown},
  title  = {Building a Smart PySC2 Agent},
  month  = oct,
  year   = {2017},
  url    = {https://chatbotslife.com/building-a-smart-pysc2-agent-cdc269cb095d},
}

@Misc{Tensor,
  title = {TensorFlow},
  url   = {https://de.wikipedia.org/wiki/TensorFlow},
}

@Misc{LSTM,
  title = {Long short-term memory},
  url   = {https://de.wikipedia.org/wiki/Long_short-term_memory},
}

@Comment{jabref-meta: databaseType:bibtex;}
